<?xml version="1.0" encoding="UTF-8"?><collection xmlns="http://www.loc.gov/MARC21/slim"><record><leader>00477nam--2200145-i-4500</leader><controlfield tag="001">000024227</controlfield><controlfield tag="002">20161230</controlfield><controlfield tag="005">20161230201035</controlfield><controlfield tag="008">060222s1000------------r-----000-0-eng-d</controlfield><datafield ind1=" " ind2=" " tag="080"><subfield code="a">538.935:537.222.22</subfield></datafield><datafield ind1=" " ind2=" " tag="100"><subfield code="a">Hwang, Wei And Kao, Kwan C</subfield></datafield><datafield ind1=" " ind2=" " tag="245"><subfield code="a">Electrical transport in solids. with particular reference to organic semiconductors</subfield></datafield><datafield ind1=" " ind2=" " tag="260"><subfield code="a">Oxford, Pergamon Press, 1981, Xx + 663 P</subfield></datafield><datafield ind1=" " ind2=" " tag="490"><subfield code="a">International Series In The Science Of The Solid State</subfield></datafield><datafield ind1=" " ind2=" " tag="852"><subfield code="a">30272</subfield></datafield></record></collection>